<?xml version="1.0" encoding="UTF-8"?>
<zs:searchRetrieveResponse xmlns:zs="http://www.loc.gov/zing/srw/">
  <zs:version>1.1</zs:version>
  <zs:numberOfRecords>2</zs:numberOfRecords>
  <zs:records>
    <zs:record>
      <zs:recordSchema/>
      <zs:recordPacking>xml</zs:recordPacking>
      <zs:recordData>
        <record xmlns="http://www.loc.gov/MARC21/slim">
          <leader>01340ccm a2200313 a 4500</leader>
          <controlfield tag="001">16835292</controlfield>
          <controlfield tag="005">20110627122409.0</controlfield>
          <controlfield tag="008">110620s1924    enkppa|  d     n  | eng d</controlfield>
          <datafield tag="010" ind1=" " ind2=" ">
            <subfield code="a">  2011564001</subfield>
          </datafield>
          <datafield tag="035" ind1=" " ind2=" ">
            <subfield code="a">(OCoLC)ocn498354642</subfield>
          </datafield>
          <datafield tag="035" ind1=" " ind2=" ">
            <subfield code="a">(OCoLC)498354642</subfield>
          </datafield>
          <datafield tag="040" ind1=" " ind2=" ">
            <subfield code="a">UKMGB</subfield>
            <subfield code="c">UKMGB</subfield>
            <subfield code="d">DLC</subfield>
          </datafield>
          <datafield tag="042" ind1=" " ind2=" ">
            <subfield code="a">lccopycat</subfield>
          </datafield>
          <datafield tag="043" ind1=" " ind2=" ">
            <subfield code="a">e-uk-en</subfield>
          </datafield>
          <datafield tag="050" ind1="0" ind2="0">
            <subfield code="a">M1741.18</subfield>
            <subfield code="b">.P58 1924</subfield>
          </datafield>
          <datafield tag="245" ind1="0" ind2="4">
            <subfield code="a">The playmakers album /</subfield>
            <subfield code="c">words by May Elliott ; music by George Hay.</subfield>
          </datafield>
          <datafield tag="260" ind1=" " ind2=" ">
            <subfield code="a">London :</subfield>
            <subfield code="b">Reynolds &amp; Co.,</subfield>
            <subfield code="c">c1924.</subfield>
          </datafield>
          <datafield tag="300" ind1=" " ind2=" ">
            <subfield code="c">1 score (32 p.) ;</subfield>
            <subfield code="c">34 cm.</subfield>
          </datafield>
          <datafield tag="490" ind1="0" ind2=" ">
            <subfield code="a">Reynolds &amp; Co.'s concert party albums ;</subfield>
            <subfield code="v">no. 35</subfield>
          </datafield>
          <datafield tag="500" ind1=" " ind2=" ">
            <subfield code="a">Excerpts from English music hall revues and sketches; includes additional verses and dialogue.</subfield>
          </datafield>
          <datafield tag="505" ind1="0" ind2=" ">
            <subfield code="a">Yesterday and today : 1824-1924 -- Good luck. The horse shoe ; White heather ; The black cat -- Sofas for chauffeurs -- We don't want a wonderful girl : concerted -- Bye and bye : duet --  Honolulu : duet or concerted.</subfield>
          </datafield>
          <datafield tag="650" ind1=" " ind2="0">
            <subfield code="a">Popular music</subfield>
            <subfield code="z">England</subfield>
            <subfield code="y">1921-1930.</subfield>
          </datafield>
          <datafield tag="650" ind1=" " ind2="0">
            <subfield code="a">Revues</subfield>
            <subfield code="v">Excerpts, Arranged.</subfield>
          </datafield>
          <datafield tag="650" ind1=" " ind2="0">
            <subfield code="a">Comedy sketches</subfield>
            <subfield code="z">England.</subfield>
          </datafield>
          <datafield tag="700" ind1="1" ind2=" ">
            <subfield code="a">Elliott, May.</subfield>
            <subfield code="4">lyr</subfield>
          </datafield>
          <datafield tag="700" ind1="1" ind2=" ">
            <subfield code="a">Hay, George.</subfield>
          </datafield>
          <datafield tag="906" ind1=" " ind2=" ">
            <subfield code="a">7</subfield>
            <subfield code="b">cbc</subfield>
            <subfield code="c">copycat</subfield>
            <subfield code="d">2</subfield>
            <subfield code="e">ncip</subfield>
            <subfield code="f">20</subfield>
            <subfield code="g">y-genmusic</subfield>
          </datafield>
          <datafield tag="925" ind1="0" ind2=" ">
            <subfield code="a">acquire</subfield>
            <subfield code="b">2 shelf copies</subfield>
            <subfield code="x">policy default</subfield>
          </datafield>
          <datafield tag="955" ind1=" " ind2=" ">
            <subfield code="a">vk73 2011-06-20 z-client</subfield>
            <subfield code="i">vk73 2011-06-20</subfield>
            <subfield code="e">vl34 2011-06-27 to Music Division</subfield>
          </datafield>
        </record>
      </zs:recordData>
      <zs:recordPosition>1</zs:recordPosition>
    </zs:record>